@article{einstein,
    author        = {Albert Einstein},
    title         = {Zur Elektrodynamik bewegter K{\"o}rper. (German) [On the electrodynamics of moving bodies]},
    journaltitle  = {Annalen der Physik},
    year          = {1905},
    volume        = {322},
    number        = {10},
    pages         = {891-921},
    doi           = {http://dx.doi.org/10.1002/andp.19053221004}
}

@misc{knuthwebsite,
    author        = {Donald Knuth},
    title         = {Knuth: Computers and Typesetting},
    year          = {1984},
    month         = {mai},
    howpublished  = "\url{http://www-cs-faculty.stanford.edu/~uno/abcde.htm}",
}

@book{virus,
    author        = {John Aycock},
    title         = {Computer Viruses and Malware},
    year          = {2006},
    publisher     = {Springer US}
}

@book{C,
    author        = {Mathieu Nebra},
    title         = {Apprenez à programmer en C !},
    year          = {2012},
    publisher     = {Simple IT}
}

@book{python,
    author        = {Vincent Le Goff},
    title         = {Apprenez à programmer en Python},
    year          = {2014},
    publisher     = {Simple IT}
}

@book{reseau,
    author        = {Eric Lalitte},
    title         = {apprenez le fonctionnement des réseaux TCP/IP},
    year          = {2005}, 
    publisher     = {OPENCLASSROOMS}
}

@book{bases_hacking,
    author        = {Patrick Engebretson},
    title         = {Les bases du hacking},
    year          = {2013},
    publisher     = {Pearson; 1 edition}
}

@book{linux,
    author        = {Mathieu Nebra},
    title         = {Reprenez le contrôle à l'aide de Linux},
    year          = {2012},
    publisher     = {SIMPLE IT}

}

Tutorials ==============================================================================================================

@misc{gcc_tuto01,
    author        = {Arjun Pakrashi},
    title         = {Beginners Guide to GCC},
    year          = {2009},
    month         = {December},
    howpublished  = "\url{https://phoxis.org/2009/12/01/beginners-guide-to-gcc/#ntof}",
}

Sites ==================================================================================================================

@misc{malware_types,
    author        = {Nate Lord},
    title         = {Common MalWare types},
    year          = {2012},
    month         = {Octobre},
    howpublished  = "\url{https://www.veracode.com/blog/2012/10/common-malware-types-cybersecurity-101}"
}

@misc{wikipedia_trojan,
    title         = {Cheval de Troie (informatique)},
    howpublished  = "\url{https://fr.wikipedia.org/wiki/Cheval_de_Troie_(informatique)}"
} 

@misc{virus_informatique,
    author        = {futura sciences},
    title         = {Virus informatique},
    howpublished  = "\url{http://www.futura-sciences.com/magazines/high-tech/infos/dico/d/informatique-virus-informatique-2434/}"
}
@misc{ver_informatique,
    author        = {futura sciences},
    title         = {Ver informatique},
    howpublished  = "\url{http://www.futura-sciences.com/magazines/high-tech/infos/dico/d/informatique-ver-informatique-2435/}"
}

@misc{hacking,
    title         = {Définition du hacking},
    howpublished  = "\url{http://hackademics.fr/showthread.php?9-D%E9finition-du-hacking}"
}

@misc{phases_of_hacking,
    title         = {The Five Phases of Hacking},
    howpublished  = "\url{http://null-byte.wonderhowto.com/how-to/five-phases-hacking-0167990/}"
}

@misc{types_de_hacker,
    title         = {What is computer hacking},
    howpublished  = "\url{http://breakthesecurity.cysecurity.org/2010/11/introduction-to-hacking.html}"
}

@misc{vulnerabilites,
    author        = {Vulnérabilité (informatique)},
    howpublished  = "\url{https://fr.wikipedia.org/wiki/Vuln%C3%A9rabilit%C3%A9_(informatique)}"
}